@article{keim1996pixel,
  title={Pixel-oriented visualization techniques for exploring very large data bases},
  author={Keim, Daniel A},
  journal={Journal of Computational and Graphical Statistics},
  volume={5},
  number={1},
  pages={58--77},
  year={1996},
  publisher={Taylor \& Francis}
}

@article{keim2000designing,
  title={Designing pixel-oriented visualization techniques: Theory and applications},
  author={Keim, Daniel A},
  journal={IEEE Transactions on visualization and computer graphics},
  volume={6},
  number={1},
  pages={59--78},
  year={2000},
  publisher={IEEE}
}

@book{galton1863meteorographica,
  title={Meteorographica, or methods of mapping the weather},
  author={Galton, Francis},
  year={1863},
  publisher={Macmillan}
}

@article{friendly2002brief,
  title={A brief history of the mosaic display},
  author={Friendly, Michael},
  journal={Journal of Computational and Graphical Statistics},
  volume={11},
  number={1},
  pages={89--107},
  year={2002},
  publisher={Taylor \& Francis}
}

@article{chernoff1973use,
  title={The use of faces to represent points in k-dimensional space graphically},
  author={Chernoff, Herman},
  journal={Journal of the American Statistical Association},
  volume={68},
  number={342},
  pages={361--368},
  year={1973},
  publisher={Taylor \& Francis}
}

@article{wickham2012glyph,
  title={Glyph-maps for visually exploring temporal patterns in climate data and models},
  author={Wickham, Hadley and Hofmann, Heike and Wickham, Charlotte and Cook, Dianne},
  journal={Environmetrics},
  volume={23},
  number={5},
  pages={382--393},
  year={2012},
  publisher={Wiley Online Library}
}

@incollection{keim1995issues,
  title={Issues in visualizing large databases},
  author={Keim, Daniel A and Kriegel, Hans-Peter},
  booktitle={Visual Database Systems 3},
  pages={203--214},
  year={1995},
  publisher={Springer}
}